<?xml version="1.0" encoding="UTF-8"?><collection xmlns="http://www.loc.gov/MARC21/slim"><record><leader>00517nam--2200157-i-4500</leader><controlfield tag="001">000010067</controlfield><controlfield tag="002">20161230</controlfield><controlfield tag="005">20161230201028</controlfield><controlfield tag="008">060222s1000------------r-----000-0-eng-d</controlfield><datafield ind1=" " ind2=" " tag="080"><subfield code="a">517.43</subfield></datafield><datafield ind1="1" ind2=" " tag="100"><subfield code="a">Bergman, Stefan</subfield></datafield><datafield ind1="1" ind2="0" tag="245"><subfield code="a">Integral operators in the theory of linear par tial differential equations. third printing. with 8 figures</subfield></datafield><datafield ind1=" " ind2=" " tag="260"><subfield code="a">Berlin, Springer-verlag, 1971 X + 143 P</subfield></datafield><datafield ind1=" " ind2=" " tag="490"><subfield code="a">Ergebnisse Der Mathematik Und Ihrer Grenzgebie Te</subfield></datafield><datafield ind1=" " ind2=" " tag="852"><subfield code="a">36399</subfield><subfield code="c">517.43</subfield></datafield><datafield ind1=" " ind2=" " tag="CAT"><subfield code="a">Sys</subfield><subfield code="c">20080722</subfield><subfield code="h">133225</subfield></datafield></record></collection>